@article{novak2019,
	abstract = {abstrac},
	author = {Novak, Matija and Novak, Matija and Novak, Matija},
	doi = {10.4018/101010101},
	issn = {21-321},
	journal = {International Journal},
	number = {4},
	pages = {147--171},
	title = {{Using}},
	url = {http://www.foi.hr},
	volume = {1},
	year = {2018}
}
