@INCOLLECTION{hebb1985social,
address = {New York},
author = {Hebb, Donald O and Thompson, W.R.},
edition = {3rd ed},
booktitle = {G. Lindzey {\&} E. Aronson, Handbook of social psychology},
mendeley-groups = {Doktorski plagijati/after third read/ynew added to be read},
pages = {729--774},
publisher = {Random House},
title = {{The social significance of animal studies}},
year = {1985},
isbn = {978-0-8985-9720-2}
}
@article{ryan1991motivational,
address = {Lincoln},
author = {Deci, Edward L and Ryan, Richard M},
journal = {Perspectives on motivation},
mendeley-groups = {Doktorski plagijati/after third read/ynew added to be read},
number = {237},
pages = {237--288},
publisher = {University of Nebraska Press.},
title = {{A motivational approach to self: Integration in personality}},
volume = {38},
year = {1990}
}
@techreport{Saxon2000,
address = {Cambridge, UK},
author = {Saxon, S.},
institution = {Part II . Computer Science project, Trinity College},
mendeley-groups = {Doktorski plagijati/after third read/ynew added to be read},
title = {{Comparison of plagiarism detection techniques applied to student code}},
year = {2000}
}