@article{ottenstein1976,
address = {New York, USA},
author = {Ottenstein, K J},
doi = {10.1145/382222.382462},
file = {:E$\backslash$:/FOI/Doktorski rad/Plagijati pretra{\v{z}}ivanja exports/clanci/1976 - An Algorithmic Approach to the Detection and Prevention of Plagia.pdf:pdf},
issn = {0097-8418},
journal = {ACM SIGCSE Bulletin},
number = {4},
pages = {30--41},
publisher = {ACM},
title = {{An algorithmic approach to the detection and prevention of plagiarism}},
url = {http://doi.acm.org/10.1145/382222.382462 http://portal.acm.org/citation.cfm?doid=382222.382462},
volume = {8},
year = {1976}
}
@article{leach1995,
author = {Leach, Ronald J.},
doi = {10.1145/201998.202010},
file = {:E$\backslash$:/FOI/Doktorski rad/Plagijati pretra{\v{z}}ivanja exports/clanci/1995 - Using metrics to evaluate student programs.pdf:pdf},
issn = {0097-8418},
journal = {ACM SIGCSE Bulletin},
number = {2},
pages = {41--43},
title = {{Using metrics to evaluate student programs}},
url = {http://portal.acm.org/citation.cfm?doid=201998.202010},
volume = {27},
year = {1995}
}